@article{TDSL,
  title={Transactional  Data  Structure  Libraries  (TDSL)},
  author={Alexander Spiegelman, Guy Golan-Gueta and Idit Keidar},
  year={2016},
}
